@book{belbin1981management,
  title={Management Teams: Why They Succeed Or Fail},
  author={Belbin, R.M.},
  isbn={9780750626767},
  lccn={96163175},
  url={https://books.google.ch/books?id=YqDWAAAAMAAJ},
  year={1981},
  publisher={Butterworth-Heinemann}
}
@article{Studienbrief,
  author  = {Stefan Schmid, Stefan Kammhuber}, 
  title   = {Teamfähigkeit},
  journal = {Studienbrief Teamfähigkeit neu.pdf},
  year    = 2017,
  number  = 1,
  pages   = {76-82},
  month   = 3,
  note    = {}, 
  volume  = 1
}