@book{lencioni2010five,
  title={The Five Dysfunctions of a Team: A Leadership Fable},
  author={Lencioni, P.M.},
  isbn={9780470893869},
  series={J-B Lencioni Series},
  url={https://books.google.ch/books?id=iC-NUBtuGeQC},
  year={2010},
  publisher={Wiley}
}

@article{Simon1,
  author  = {Patricia Simon}, 
  title   = {Die Entwicklung eines Modells der Gruppeneffektivität und eines Analyseinstruments zur Erfassung des Leistungspotentials von Arbeitsgruppen},
  journal = {Simon 2002.pdf},
  year    = 2002,
  number  = 1,
  pages   = {94},
  month   = 3,
  note    = {}, 
  volume  = 1
}


@article{Simon2,
  author  = {Patricia Simon}, 
  title   = {Die Entwicklung eines Modells der Gruppeneffektivität und eines Analyseinstruments zur Erfassung des Leistungspotentials von Arbeitsgruppen},
  journal = {Simon 2002.pdf},
  year    = 2002,
  number  = 1,
  pages   = {113},
  month   = 3,
  note    = {}, 
  volume  = 1
}


@article{Simon3,
  author  = {Patricia Simon}, 
  title   = {Die Entwicklung eines Modells der Gruppeneffektivität und eines Analyseinstruments zur Erfassung des Leistungspotentials von Arbeitsgruppen},
  journal = {Simon 2002.pdf},
  year    = 2002,
  number  = 1,
  pages   = {167},
  month   = 3,
  note    = {}, 
  volume  = 1
}


@book{simon2002entwicklung,
  title={Die Entwicklung eines Modells der Gruppeneffektivit{\"a}t und eines Analyseinstruments zur Erfassung des Leistungspotentials von Arbeitsgruppen},
  author={Simon, P.},
  isbn={9783933967626},
  url={https://books.google.ch/books?id=pWV2tgAACAAJ},
  year={2002},
  publisher={Verlag Empirische P{\"a}dagogik}
}

@book{stumpf2003teamarbeit,
  title={Teamarbeit und Teamentwicklung},
  author={Stumpf, S. and Thomas, A.},
  isbn={9783801716714},
  series={Psychologie f{\"u}r das Personalmanagement},
  url={https://books.google.ch/books?id=ZefbPAAACAAJ},
  year={2003},
  publisher={Hogrefe}
}


@book{belbin1981management,
  title={Management Teams: Why They Succeed Or Fail},
  author={Belbin, R.M.},
  isbn={9780750626767},
  lccn={96163175},
  url={https://books.google.ch/books?id=YqDWAAAAMAAJ},
  year={1981},
  publisher={Butterworth-Heinemann}
}

@misc{Schluesselqualifikationen,
    author    = "Schluesselqualifikationen",
    title     = "",
    howpublished  = "http://www.ingenieurkarriere.de/infos-tipps/schluesselqualifikationen",
    year     = "2017",
    month    = "Mai",
    note     = "",
}

@misc{ wiki:Lernfahigkeit,
   author = "Wikipedia",
   title = "Lernfähigkeit --- Wikipedia{,} Die freie Enzyklopädie",
   year = "2017",
   url = "\url{https://de.wikipedia.org/w/index.php?title=Lernf%C3%A4higkeit&oldid=162446078}",
   note = "[Online; Stand 30. Mai 2017]"
 }